@misc{dice:models:repo,
  author = {{The DICE Consortium}},
  title  = {{DICE Models Repository}},
  note   = {\textsc{url}: \url{https://github.com/dice-project/DICE-Models}},
  year   = {Dec., 2015}
}

@techreport{dice:d1.1,
  author      = {The DICE Consortium},
  title       = {State of the Art Analysis},
  institution = {{European Union's Horizon 2020 research and innovation programme}},
  year        = {2015},
  note        = {\textsc{url}: \url{http://wp.doc.ic.ac.uk/dice-h2020/wp-content/uploads/sites/75/2015/08/D1.1_State-of-the-art-analysis1.pdf}}
}

@techreport{UML,
  author      = {The Object Management Group (OMG)},
  title       = {Unified Modelling Language: Infrastructure, 2011. Version 2.4.1. OMG document: formal/2011-08-05},
  institution = {{}},
  year        = {2011},
  note        = {\textsc{url}: \url{http://}}
}

@article{DAM,
  author  = {Bernardi, S. and Merseguer, J. and Petriu, D. C.},
  journal = {Software and Systems Modeling},
  number  = {3},
  pages   = {313--336},
  title   = {A dependability profile within {MARTE}.},
  volume  = {10},
  year    = {2011}
}
	